[gd_scene load_steps=5 format=2]

[ext_resource path="res://Player/Status.gd" type="Script" id=1]
[ext_resource path="res://ui/velocity.png" type="Texture" id=2]
[ext_resource path="res://ui/circle.png" type="Texture" id=3]
[ext_resource path="res://ui/direction.png" type="Texture" id=4]

[node name="Status" type="Control"]
margin_right = 40.0
margin_bottom = 40.0
script = ExtResource( 1 )
__meta__ = {
"_edit_use_anchors_": false
}

[node name="W" type="ColorRect" parent="."]
margin_left = 553.978
margin_top = 100.933
margin_right = 605.978
margin_bottom = 154.933
__meta__ = {
"_edit_use_anchors_": false
}

[node name="Label" type="Label" parent="W"]
margin_left = 18.0
margin_top = 19.5
margin_right = 58.0
margin_bottom = 33.5
custom_colors/font_color = Color( 0, 0, 0, 1 )
text = "W"
__meta__ = {
"_edit_use_anchors_": false
}

[node name="A" type="ColorRect" parent="."]
margin_left = 490.978
margin_top = 164.433
margin_right = 542.978
margin_bottom = 218.433
__meta__ = {
"_edit_use_anchors_": false
}

[node name="Label" type="Label" parent="A"]
margin_left = 18.0
margin_top = 19.5
margin_right = 58.0
margin_bottom = 33.5
custom_colors/font_color = Color( 0, 0, 0, 1 )
text = "A"
__meta__ = {
"_edit_use_anchors_": false
}

[node name="S" type="ColorRect" parent="."]
margin_left = 553.978
margin_top = 164.433
margin_right = 605.978
margin_bottom = 218.433
__meta__ = {
"_edit_use_anchors_": false
}

[node name="Label" type="Label" parent="S"]
margin_left = 21.5
margin_top = 19.5
margin_right = 61.5
margin_bottom = 33.5
custom_colors/font_color = Color( 0, 0, 0, 1 )
text = "S"
__meta__ = {
"_edit_use_anchors_": false
}

[node name="D" type="ColorRect" parent="."]
margin_left = 616.478
margin_top = 164.433
margin_right = 668.478
margin_bottom = 218.433
__meta__ = {
"_edit_use_anchors_": false
}

[node name="Label" type="Label" parent="D"]
margin_left = 18.0
margin_top = 19.5
margin_right = 58.0
margin_bottom = 33.5
custom_colors/font_color = Color( 0, 0, 0, 1 )
text = "D"
__meta__ = {
"_edit_use_anchors_": false
}

[node name="Space" type="ColorRect" parent="."]
margin_left = 719.978
margin_top = 164.933
margin_right = 847.978
margin_bottom = 218.933
__meta__ = {
"_edit_use_anchors_": false
}

[node name="Label" type="Label" parent="Space"]
margin_left = 44.4583
margin_top = 19.5
margin_right = 84.4583
margin_bottom = 33.5
custom_colors/font_color = Color( 0, 0, 0, 1 )
text = "Space"
__meta__ = {
"_edit_use_anchors_": false
}

[node name="Aim" type="ColorRect" parent="."]
margin_left = 914.115
margin_top = 164.52
margin_right = 982.115
margin_bottom = 218.52
__meta__ = {
"_edit_use_anchors_": false
}

[node name="Label" type="Label" parent="Aim"]
margin_left = 21.0987
margin_top = 19.5
margin_right = 61.0987
margin_bottom = 33.5
custom_colors/font_color = Color( 0, 0, 0, 1 )
text = "Aim"
__meta__ = {
"_edit_use_anchors_": false
}

[node name="Control" type="Control" parent="."]
margin_left = 192.847
margin_top = 162.692
margin_right = 232.847
margin_bottom = 202.692
__meta__ = {
"_edit_use_anchors_": false
}

[node name="circle" type="Sprite" parent="Control"]
scale = Vector2( 0.287369, 0.287369 )
texture = ExtResource( 3 )

[node name="direction" type="Sprite" parent="Control"]
scale = Vector2( 0.287369, 0.475846 )
texture = ExtResource( 4 )
offset = Vector2( 112, 0 )

[node name="mesh" type="Sprite" parent="Control"]
modulate = Color( 1, 0.345098, 0.345098, 1 )
scale = Vector2( 0.287369, 0.287369 )
texture = ExtResource( 4 )
offset = Vector2( 112, 0 )

[node name="velocity" type="Sprite" parent="Control"]
scale = Vector2( 0.287369, 0.287369 )
texture = ExtResource( 2 )

[node name="ColorRect" type="ColorRect" parent="."]
margin_left = 144.901
margin_top = 266.811
margin_right = 268.901
margin_bottom = 325.811
color = Color( 0.0980392, 0.231373, 0.407843, 1 )
__meta__ = {
"_edit_use_anchors_": false
}

[node name="ColorRect" type="ColorRect" parent="ColorRect"]
margin_left = 11.9219
margin_top = 7.41742
margin_right = 17.9219
margin_bottom = 13.4174
color = Color( 0, 0.74902, 0.952941, 1 )
__meta__ = {
"_edit_use_anchors_": false
}

[node name="Label" type="Label" parent="ColorRect/ColorRect"]
margin_left = 10.3943
margin_top = -1.73239
margin_right = 61.3943
margin_bottom = 12.2676
text = "Velocity"
__meta__ = {
"_edit_use_anchors_": false
}

[node name="ColorRect2" type="ColorRect" parent="ColorRect"]
margin_left = 11.9219
margin_top = 24.4366
margin_right = 17.9219
margin_bottom = 30.4366
color = Color( 1, 0.345098, 0.345098, 1 )
__meta__ = {
"_edit_use_anchors_": false
}

[node name="Label" type="Label" parent="ColorRect/ColorRect2"]
margin_left = 10.3943
margin_top = -1.73239
margin_right = 61.3943
margin_bottom = 12.2676
text = "Mesh Rotation"
__meta__ = {
"_edit_use_anchors_": false
}

[node name="ColorRect3" type="ColorRect" parent="ColorRect"]
margin_left = 11.9219
margin_top = 42.5159
margin_right = 17.9219
margin_bottom = 48.5159
__meta__ = {
"_edit_use_anchors_": false
}

[node name="Label" type="Label" parent="ColorRect/ColorRect3"]
margin_left = 10.3943
margin_top = -1.73239
margin_right = 61.3943
margin_bottom = 12.2676
text = "Direction"
__meta__ = {
"_edit_use_anchors_": false
}

[node name="Label" type="Label" parent="."]
margin_left = 500.618
margin_top = 234.989
margin_right = 540.618
margin_bottom = 248.989
rect_scale = Vector2( 1.40679, 1.40679 )
custom_colors/font_color = Color( 0, 0, 0, 1 )
__meta__ = {
"_edit_use_anchors_": false
}

[node name="Label2" type="Label" parent="."]
margin_left = 500.618
margin_top = 263.497
margin_right = 540.618
margin_bottom = 277.497
rect_scale = Vector2( 1.40679, 1.40679 )
custom_colors/font_color = Color( 0, 0, 0, 1 )
__meta__ = {
"_edit_use_anchors_": false
}

[node name="Label3" type="Label" parent="."]
margin_left = 500.618
margin_top = 291.052
margin_right = 540.618
margin_bottom = 305.052
rect_scale = Vector2( 1.40679, 1.40679 )
custom_colors/font_color = Color( 0, 0, 0, 1 )
__meta__ = {
"_edit_use_anchors_": false
}

[node name="Label4" type="Label" parent="."]
margin_left = 500.618
margin_top = 319.561
margin_right = 540.618
margin_bottom = 333.561
rect_scale = Vector2( 1.40679, 1.40679 )
custom_colors/font_color = Color( 0, 0, 0, 1 )
__meta__ = {
"_edit_use_anchors_": false
}
